<record><leader>00000cas a2200000 a 4500</leader><controlfield tag="001">9347291</controlfield><controlfield tag="008">830325c18829999iluwr ne      0   a0eng  </controlfield><controlfield tag="009">466</controlfield><datafield ind1=" " ind2=" " tag="010"><subfield code="a">sn 82016468 </subfield></datafield><datafield ind1=" " ind2=" " tag="040"><subfield code="a">DLC</subfield><subfield code="b">eng</subfield><subfield code="c">DLC</subfield><subfield code="d">NSD</subfield><subfield code="d">NVF</subfield><subfield code="d">OCLCQ</subfield><subfield code="d">NVF</subfield><subfield code="d">OCLCQ</subfield><subfield code="d">NVF</subfield><subfield code="d">OCLCO</subfield><subfield code="d">OCLCF</subfield></datafield><datafield ind1=" " ind2=" " tag="012"><subfield code="m">1</subfield></datafield><datafield ind1="1" ind2=" " tag="022"><subfield code="a">1047-9317</subfield><subfield code="l">1047-9317</subfield><subfield code="2">1</subfield></datafield><datafield ind1="1" ind2=" " tag="029"><subfield code="a">AU@</subfield><subfield code="b">000025784427</subfield></datafield><datafield ind1=" " ind2=" " tag="032"><subfield code="a">014940</subfield><subfield code="b">USPS</subfield></datafield><datafield ind1=" " ind2=" " tag="042"><subfield code="a">pcc</subfield><subfield code="a">nsdp</subfield></datafield><datafield ind1=" " ind2=" " tag="043"><subfield code="a">n-us-il</subfield></datafield><datafield ind1="0" ind2="0" tag="050"><subfield code="a">Newspaper 7002</subfield></datafield><datafield ind1=" " ind2="4" tag="222"><subfield code="a">The Altamont news</subfield></datafield><datafield ind1="0" ind2="4" tag="245"><subfield code="a">The Altamont news.</subfield></datafield><datafield ind1=" " ind2=" " tag="260"><subfield code="a">Altamont, Ill. :</subfield><subfield code="b">J. Zimmerman,</subfield><subfield code="c">1882-</subfield></datafield><datafield ind1=" " ind2=" " tag="300"><subfield code="a">v.</subfield></datafield><datafield ind1=" " ind2=" " tag="310"><subfield code="a">Weekly,</subfield><subfield code="b">Nov. 7, 1989-</subfield></datafield><datafield ind1=" " ind2=" " tag="321"><subfield code="a">Weekly,</subfield><subfield code="b">&lt;Aug. 1, 1884&gt;-Feb. 8, 1939</subfield></datafield><datafield ind1=" " ind2=" " tag="321"><subfield code="a">Semiweekly,</subfield><subfield code="b">Feb. 14-Apr. 21, 1939</subfield></datafield><datafield ind1=" " ind2=" " tag="321"><subfield code="a">Weekly,</subfield><subfield code="b">Apr. 26, 1939-Mar. 31, 1977</subfield></datafield><datafield ind1=" " ind2=" " tag="321"><subfield code="a">Semiweekly,</subfield><subfield code="b">Apr. 4, 1977-Nov. 2, 1989</subfield></datafield><datafield ind1="1" ind2=" " tag="362"><subfield code="a">Began in 1882?</subfield></datafield><datafield ind1=" " ind2=" " tag="588"><subfield code="a">Description based on: Vol. 3, no. 34 (Aug. 1, 1884).</subfield></datafield><datafield ind1=" " ind2="0" tag="651"><subfield code="a">Altamont (Effingham County, Ill.)</subfield><subfield code="v">Newspapers.</subfield></datafield><datafield ind1=" " ind2="7" tag="655"><subfield code="a">Newspapers.</subfield><subfield code="2">fast</subfield><subfield code="0">(OCoLC)fst01423814</subfield></datafield><datafield ind1=" " ind2="7" tag="651"><subfield code="a">Illinois</subfield><subfield code="z">Altamont (Effingham County)</subfield><subfield code="2">fast</subfield><subfield code="0">(OCoLC)fst01314548</subfield></datafield><datafield ind1=" " ind2=" " tag="752"><subfield code="a">United States</subfield><subfield code="b">Illinois</subfield><subfield code="c">Effingham</subfield><subfield code="d">Altamont.</subfield></datafield><datafield ind1="0" ind2="5" tag="780"><subfield code="t">Altamont herald</subfield><subfield code="g">Jan. 1, 1942</subfield></datafield></record>